%oracle problems

@article{weyuker1982testing,
  title={On testing non-testable programs},
  author={Weyuker, Elaine J},
  journal={The Computer Journal},
  volume={25},
  number={4},
  pages={465--470},
  year={1982},
  publisher={The British Computer Society}
}

@article{barr2015oracle,
  title={The oracle problem in software testing: A survey},
  author={Barr, Earl T and Harman, Mark and McMinn, Phil and Shahbaz, Muzammil and Yoo, Shin},
  journal={IEEE Transactions on Software Engineering},
  volume={41},
  number={5},
  pages={507--525},
  year={2015},
  publisher={IEEE}
}

@article{patel2018mapping,
  title={A mapping study on testing non-testable systems},
  author={Patel, Krishna and Hierons, Robert M},
  journal={Software Quality Journal},
  volume={26},
  number={4},
  pages={1373--1413},
  year={2018},
  publisher={Springer}
}

@techreport{chen1998metamorphic,
  title={Metamorphic testing: A new approach for generating next test cases},
  author={Chen, Tsong Yueh and Cheung, Shing C and Yiu, Shiu Ming},
  year={1998},
  institution={Department of Computer Science , Hong Kong University of Science and Technology, Hong Kong, Tech. Rep. HKUST-CS98-01}
}

@inproceedings{chen2004case,
  title={Case studies on the selection of useful relations in metamorphic testing},
  author={Chen, Tsong Yueh and Huang, DH and Tse, TH and Zhou, Zhi Quan},
  booktitle={Proceedings of the 4th lberoAmerican Symposium on Software Engineering and Knowledge Engineer-ing (JIISIC'04)},
  pages={569--583},
  year={2004},
}
@inproceedings{cao2013correlation,
  title={On the correlation between the effectiveness of metamorphic relations and dissimilarities of test case executions},
  author={Cao, Yuxiang and Zhou, Zhi Quan and Chen, Tsong Yueh},
  booktitle={Proceedings of the 13th International Conference on Quality Software (QSIC'13)},
  pages={153--162},
  year={2013},
}
@inproceedings{chen2004metamorphic,
  title={Metamorphic Testing and Testing with Special Values.},
  author={Chen, Tsong Yueh and Kuo, Fei-Ching and Liu, Ying and Tang, Antony},
  booktitle={Proceedings of the 5th ACIS International Conference on Software Engineering, Artificial Intelligence, Networking and Parallel/Distributed Computing (SNPD'04)},
  pages={128--134},
  year={2004}
}
@inproceedings{sun2011metamorphic,
  title={Metamorphic testing for web services: Framework and a case study},
  author={Sun, Chang-Ai and Wang, Guan and Mu, Baohong and Liu, Huai and Wang, ZhaoShun and Chen, Tsong Yueh},
  booktitle={Proceedings of the 9th IEEE International Conference on Web Services (ICWS'11)},
  pages={283--290},
  year={2011},
}
@article{chen2014metric,
  title={METRIC: METamorphic Relation Identification based on the Category-choice framework},
  author={Chen, T and Poon, P and Xie, X},
  journal={Journal of Systems and Software},
  volume={116},
  pages={190--14},
  year={2014},
  publisher={Elsevier}
}
@inproceedings{xie2016looking,
  title={Looking for an MR? Try METWiki today},
  author={Xie, Xiaoyuan and Li, Jiahao and Wang, Chen and Chen, Tsong Yueh},
  booktitle={Proceedings of the 1st International Workshop on Metamorphic Testing (MET'16), Co-located with the 38th International Conference on Software Engineering (ICSE'16)},
  pages={1--4},
  year={2016},
}
@article{segura2016survey,
  title={A survey on metamorphic testing},
  author={Segura, Sergio and Fraser, Gordon and Sanchez, Ana B and Ruiz-Cort{\'e}s, Antonio},
  journal={IEEE Transactions on Software Engineering},
  volume={42},
  number={9},
  pages={805--824},
  year={2016},
  publisher={IEEE}
}
@article{cai2002optimal,
  title={Optimal software testing and adaptive software testing in the context of software cybernetics},
  author={Cai, Kai-Yuan},
  journal={Information and Software Technology},
  volume={44},
  number={14},
  pages={841--855},
  year={2002},
  publisher={Elsevier}
}
@article{chen2018metamorphic,
  title={Metamorphic testing: A review of challenges and opportunities},
  author={Chen, Tsong Yueh and Kuo, Fei-Ching and Liu, Huai and Poon, Pak-Lok and Towey, Dave and Tse, TH and Zhou, Zhi Quan},
  journal={ACM Computing Surveys},
  volume={51},
  number={1},
  pages={4},
  year={2018},
  publisher={ACM}
}
@inproceedings{brilliant1990performance,
  title={On the performance of software testing using multiple versions},
  author={Brilliant, Susan S and Knight, John C and Ammann, PE},
  booktitle={Proceedings of the 20th International Symposium on Fault-Tolerant Computing (FTCS'90)},
  pages={408--415},
  year={1990}
}
@article{sim2014eliminating,
  title={Eliminating human visual judgment from testing of financial charting software},
  author={Sim, Kwan Yong and Low, Chin S and Kuo, Fei-Ching},
  journal={Journal of Software},
  volume={9},
  number={2},
  pages={298--312},
  year={2014},
}
@article{chan2009pat,
  title={PAT: A pattern classification approach to automatic reference oracles for the testing of mesh simplification programs},
  author={Chan, Wing Kwong and Cheung, Shing-Chi and Ho, Jeffrey CF and Tse, TH},
  journal={Journal of Systems and Software},
  volume={82},
  number={3},
  pages={422--434},
  year={2009},
  publisher={Elsevier}
}
@article{demillo1978hints,
  title={Hints on test data selection: Help for the practicing programmer},
  author={DeMillo, Richard A and Lipton, Richard J and Sayward, Frederick G},
  journal={Computer},
  volume={11},
  number={4},
  pages={34--41},
  year={1978},
}
@article{chen2018test,
  title={Test case prioritization for object-oriented software: An adaptive random sequence approach based on clustering},
  author={Chen, Jinfu and Zhu, Lili and Chen, Tsong Yueh and Towey, Dave and Kuo, Fei-Ching and Huang, Rubing and Guo, Yuchi},
  journal={Journal of Systems and Software},
  volume={135},
  pages={107--125},
  year={2018},
  publisher={Elsevier}
}
@article{mao2017out,
  title={Out of sight, out of mind: A distance-aware forgetting strategy for adaptive random testing},
  author={Mao, Chengying and Chen, Tsong Yueh and Kuo, Fei-Ching},
  journal={Science China Information Sciences},
  volume={60},
  number={9},
  pages={092106:1--092106:21},
  year={2017},
  publisher={Springer}
}
@article{chen2017similarity,
  title={A similarity metric for the inputs of OO programs and its application in adaptive random testing},
  author={Chen, Jinfu and Kuo, Fei-Ching and Chen, Tsong Yueh and Towey, Dave and Su, Chenfei and Huang, Rubing},
  journal={IEEE Transactions on Reliability},
  volume={66},
  number={2},
  pages={373--402},
  year={2017},
  publisher={IEEE Computer Society}
}
@inproceedings{chen2004case,
  title={Case studies on the selection of useful relations in metamorphic testing},
  author={Chen, Tsong Yueh and Huang, DH and Tse, TH and Zhou, Zhi Quan},
  booktitle={Proceedings of the 4th Ibero-American Symposium on Software Engineering and Knowledge Engineering (JIISIC'04)},
  pages={569--583},
  year={2004},
}
@inproceedings{cao2013correlation,
  title={On the correlation between the effectiveness of metamorphic relations and dissimilarities of test case executions},
  author={Cao, Yuxiang and Zhou, Zhi Quan and Chen, Tsong Yueh},
  booktitle={Proceedings of the 13th International Conference on Quality Software (QSIC'13)},
  pages={153--162},
  year={2013},
}
@article{liu2014effectively,
  title={How effectively does metamorphic testing alleviate the oracle problem?},
  author={Liu, Huai and Kuo, Fei-Ching and Towey, Dave and Chen, Tsong Yueh},
  journal={IEEE Transactions on Software Engineering},
  volume={40},
  number={1},
  pages={4--22},
  year={2014},
  publisher={IEEE}
}
@article{cai2002optimal,
  title={Optimal software testing and adaptive software testing in the context of software cybernetics},
  author={Cai, Kai-Yuan},
  journal={Information and Software Technology},
  volume={44},
  number={14},
  pages={841--855},
  year={2002},
  publisher={Elsevier}
}
@article{Cai07,
 author = {Cai, Kai-Yuan and Gu, Bo and Hu, Hai and Li, Yong-Chao},
 title = {Adaptive software testing with fixed-memory feedback},
 journal = {Journal of Systems and Software},
 volume = {80},
 number = {8},
 year = {2007},
 pages = {1328--1348}
}
@inproceedings{hu2005case,
  title={A case study of the recursive least squares estimation approach to adaptive testing for software components},
  author={Hu, Hai and Wong, W Eric and Jiang, Chang-Hai and Cai, Kai-Yuan},
  booktitle={Proceedings of the 5th International Conference on Quality Software (QSIC'05)},
  pages={135--141},
  year={2005},
  %organization={IEEE}
}
@article{hu2009improved,
  title={An improved approach to adaptive testing},
  author={Hu, Hai and Jiang, Chang-Hai and Cai, Kai-Yuan},
  journal={International Journal of Software Engineering and Knowledge Engineering},
  volume={19},
  number={05},
  pages={679--705},
  year={2009},
  publisher={World Scientific}
}
@inproceedings{cai2009random,
  title={Random testing with dynamically updated test profile},
  author={Cai, KY and Hu, Hai and Jiang, Chang-hai and Ye, F},
  booktitle={Proceedings of the 20th International Symposium On Software Reliability Engineering (ISSRE'09)},
  pages={1--2},
  year={2009}
}
@article{weyuker1991analyzing,
  title={Analyzing partition testing strategies},
  author={Weyuker, Elaine J. and Jeng, Bingchiang},
  journal={IEEE Transactions on Software Engineering},
  volume={17},
  number={7},
  pages={703--711},
  year={1991},
}
@inproceedings{cai2005partition,
  title={Partition testing with dynamic partitioning},
  author={Cai, Kai-Yuan and Jing, Tao and Bai, Cheng-Gang},
  booktitle={Proceedings of the 29th International Computer Software and Applications Conference (COMPSAC'05)},
  pages={113--116},
  year={2005},
}
@article{chen1994relationship,
  title={On the relationship between partition and random testing},
  author={Chen, Tsong Yueh and Yu, Yuen-Tak},
  journal={IEEE Transactions on Software Engineering},
  volume={20},
  number={12},
  pages={977--980},
  year={1994},
}
@article{chen1996expected,
  title={On the expected number of failures detected by subdomain testing and random testing},
  author={Chen, Tsong Yueh and Yu, Yuen-Tak},
  journal={IEEE Transactions on Software Engineering},
  volume={22},
  number={2},
  pages={109--119},
  year={1996},
}
@article{ammann1988data,
  title={Data diversity: An approach to software fault tolerance},
  author={Ammann, Paul Eric and Knight, John C},
  journal={IEEE Transactions on Computers},
  number={4},
  pages={418--425},
  year={1988},
  publisher={IEEE}
}
@article{finelli1991nasa,
  title={NASA software failure characterization experiments},
  author={Finelli, George B},
  journal={Reliability Engineering \& System Safety},
  volume={32},
  number={1-2},
  pages={155--169},
  year={1991},
  publisher={Elsevier}
}
@inproceedings{cai2009random,
  title={Random testing with dynamically updated test profile},
  author={Cai, KY and Hu, Hai and Jiang, Chang-hai and Ye, F},
  booktitle={Proceedings of the 20th International Symposium On Software Reliability Engineering (ISSRE'09)},
  pages={1--2},
  year={2009}
}
@article{duran1984evaluation,
  title={An evaluation of random testing},
  author={Duran, Joe W and Ntafos, Simeon C},
  journal={IEEE transactions on Software Engineering},
  number={4},
  pages={438--444},
  year={1984},
  publisher={IEEE Computer Society}
}
@article{sun2018adaptive,
  title={Adaptive partition testing},
  author={Sun, Chang-Ai and Dai, Hepeng and Liu, Huai and Chen, Tsong Yueh and Cai, Kai-Yuan},
  journal={IEEE Transactions on Computers},
  year={2018},
  publisher={IEEE Computer Society}
}
@article{chen2016metric,
  title={METRIC: Metamorphic relation identification based on the category-choice framework},
  author={Chen, Tsong Yueh and Poon, Pak-Lok and Xie, Xiaoyuan},
  journal={Journal of Systems and Software},
  volume={116},
  pages={177--190},
  year={2016},
  publisher={Elsevier}
}
@article{ostrand1988category,
  title={The category-partition method for specifying and generating fuctional tests},
  author={Ostrand, Thomas J. and Balcer, Marc J.},
  journal={Communications of the ACM},
  volume={31},
  number={6},
  pages={676--686},
  year={1988},
  publisher={ACM}
}
@inproceedings{arcuri2011practical,
  title={A practical guide for using statistical tests to assess randomized algorithms in software engineering},
  author={Arcuri, Andrea and Briand, Lionel},
  booktitle={Proceedings of the 33rd International Conference on Software Engineering (ICSE'11)},
  pages={1--10},
  year={2011}
}
@inproceedings{li2015approach,
  title={Approach for test profile optimization in dynamic random testing},
  author={Li, Ye and Yin, Bei-Bei and Lv, Junpeng and Cai, Kai-Yuan},
  booktitle={Proceedings of the 39th International Computer Software and Applications Conference (COMPSAC��15)},
  volume={3},
  pages={466--471},
  year={2015}
}
@inproceedings{yang2014dynamic,
  title={Dynamic random testing with parameter adjustment},
  author={Yang, Zijiang and Yin, Beibei and Lv, Junpeng and Cai, Kaiyuan and Yau, Stephen S and Yu, Jia},
  booktitle={Proceedings of the 6th IEEE International Workshop on Software Test Automationthe, Co-located with the 38th IEEE Annual International Computer Software and Applications Conference (COMPSAC��14)},
  pages={37--42},
  year={2014}
}
@inproceedings{zhang2014search,
  title={Search-based inference of polynomial metamorphic relations},
  author={Zhang, Jie and Chen, Junjie and Hao, Dan and Xiong, Yingfei and Xie, Bing and Zhang, Lu and Mei, Hong},
  booktitle={Proceedings of the 29th ACM/IEEE International Conference on Automated Software Engineering (ASE'14)},
  pages={701--712},
  year={2014}
}
@inproceedings{sun2016mumt,
  title={$\mu$MT: A data mutation directed metamorphic relation acquisition methodology},
  author={Sun, Chang-Ai and Liu, Yiqiang and Wang, Zuoyi and Chan, Wing Kwong},
  booktitle={Proceedings of the 1st International Workshop on Metamorphic Testing (MET'16), Co-located with the 38th International Conference on Software Engineering (ICSE'16)},
  pages={12--18},
  year={2016}
}
@inproceedings{liu2012new,
  title={A new method for constructing metamorphic relations},
  author={Liu, Huai and Liu, Xuan and Chen, Tsong Yueh},
  booktitle={Proceedings of the 12th International Conference on Quality Software (QSIC'12)},
  pages={59--68},
  year={2012}
}
@inproceedings{Yang2014Dynamic,
  title={Dynamic random testing with parameter adjustment},
  author={Yang, Zijiang and Yin, Beibei and Lv, Junpeng and Cai, Kai-Yuan and Yau, Stephen S. and Yu, Jia},
  booktitle={Proceedings of the 38th IEEE Annual International Computer Software and Applications Conference Workshops (COMPSACW'14)},
  pages={37-42},
  year={2014},
}
@inproceedings{Lv2011,
  title={A sufficient condition for parameters estimation in dynamic random testing},
  author={Lv, Junpeng and Hu, Hai and Cai, Kai-Yuan},
  booktitle={Proceedings of the 35th IEEE Annual International Computer Software and Applications Conference Workshops (COMPSACW'11)},
  pages={19-24},
  year={2011},
}
@article{sun2018adaptive,
  title={Adaptive partition testing},
  author={Sun, Chang-Ai and Dai, Hepeng and Liu, Huai and Chen, Tsong Yueh and Cai, Kai-Yuan},
  journal={IEEE Transactions on Computers},
  year={2018},
  publisher={IEEE Computer Society}
}
@inproceedings{Yang2014,
  title={Dynamic random testing with parameter adjustment},
  author={Yang, Zijiang and Yin, Beibei and Lv, Junpeng and Cai, Kai-Yuan and Yau, Stephen S. and Yu, Jia},
  booktitle={Proceedings of the 38th IEEE Annual International Computer Software and Applications Conference Workshops (COMPSACW'14)},
  pages={37-42},
  year={2014},
}
@inproceedings{chen2004case,
  title={Case studies on the selection of useful relations in metamorphic testing},
  author={Chen, Tsong Yueh and Huang, DH and Tse, TH and Zhou, Zhi Quan},
  booktitle={Proceedings of the 4th Ibero-American Symposium on Software Engineering and Knowledge Engineering (JIISIC'04)},
  pages={569--583},
  year={2004}
}
@inproceedings{batra2011efficient,
  title={An efficient metamorphic testing technique using genetic algorithm},
  author={Batra, Gagandeep and Sengupta, Jyotsna},
  booktitle={International Conference on Information Intelligence, Systems, Technology and Management},
  pages={180--188},
  year={2011}
}
@inproceedings{asrafi2011testing,
  title={On testing effectiveness of metamorphic relations: A case study},
  author={Asrafi, Mahmuda and Liu, Huai and Kuo, Fei-Ching},
  booktitle={Proceedings of the 15th International Conference on Secure Software Integration and Reliability Improvement (SSIRI'11)},
  pages={147--156},
  year={2011}
}
@inproceedings{batra2011efficient,
  title={An efficient metamorphic testing technique using genetic algorithm},
  author={Batra, Gagandeep and Sengupta, Jyotsna},
  booktitle={International Conference on Information Intelligence, Systems, Technology and Management},
  pages={180--188},
  year={2011}
}
@inproceedings{dong2013security,
  title={Security assurance with program path analysis and metamorphic testing},
  author={Dong, Guowei and Guo, Tao and Zhang, Puhan},
  booktitle={Proceedings of the 4th IEEE International Conference on Software Engineering and Service Science (ICSESS'13)},
  pages={193--197},
  year={2013}
}
@article{xie2013metamorphic,
  title={Metamorphic slice: An application in spectrum-based fault localization},
  author={Xie, Xiaoyuan and Wong, W Eric and Chen, Tsong Yueh and Xu, Baowen},
  journal={Information and Software Technology},
  volume={55},
  number={5},
  pages={866--879},
  year={2013},
  publisher={Elsevier}
}
@inproceedings{dong2010security,
  title={Security assurance with metamorphic testing and genetic algorithm},
  author={Dong, Guowei and Wu, Shizhong and Wang, Guisi and Guo, Tao and Huang, Yonggang},
  booktitle={Proceedings of the IEEE/WIC/ACM International Conference on Web Intelligence and Intelligent Agent Technology (WI-IAT'10)},
  volume={3},
  pages={397--401},
  year={2010}
}
@inproceedings{liu2014metamorphic,
  title={Metamorphic fault tolerance: An automated and systematic methodology for fault tolerance in the absence of test oracle},
  author={Liu, Huai and Yusuf, Iman I and Schmidt, Heinz W and Chen, Tsong Yueh},
  booktitle={Proceedings of the 36th International Conference on Software Engineering (ICSE'14)},
  pages={420--423},
  year={2014}
}
@article{sun2012metamorphic,
  title={A metamorphic relation-based approach to testing web services without oracles},
  author={Sun, Chang-Ai and Wang, Guan and Mu, Baohong and Liu, Huai and Wang, ZhaoShun and Chen, Tsong Yueh},
  journal={International Journal of Web Services Research},
  volume={9},
  number={1},
  pages={51--73},
  year={2012},
  publisher={IGI Global}
}
@article{segura2018metamorphic,
  title={Metamorphic testing of RESTful web APIs},
  author={Segura, Sergio and Parejo, Jos{\'e} A and Troya, Javier and Ruiz-Cort{\'e}s, Antonio},
  journal={IEEE Transactions on Software Engineering},
  volume={44},
  number={11},
  pages={1083--1099},
  year={2018},
  publisher={IEEE}
}
@article{ma2005mujava,
  title={MuJava: an automated class mutation system},
  author={Ma, Yu-Seung and Offutt, Jeff and Kwon, Yong Rae},
  journal={Software Testing, Verification and Reliability},
  volume={15},
  number={2},
  pages={97--133},
  year={2005},
  publisher={Wiley Online Library}
}

@incollection{PQUEUE,
  title        = "Priority Queues",
  booktitle    = "The Art of Multiprocessor Programming",
  author       = "Maurice Herlihy and Nir Shavit",
  chapter      = 15,
  pages        = "351-368",
  year         = 2012,
  publisher    = "Elsevier",
}

@article{LAS14,
 author = {Le, Vu and Afshari, Mehrdad and Su, Zhendong},
 title = {Compiler Validation via Equivalence Modulo Inputs},
 journal = {SIGPLAN Not.},
 issue_date = {June 2014},
 volume = {49},
 number = {6},
 month = jun,
 year = {2014},
 issn = {0362-1340},
 pages = {216--226},
 numpages = {11},
 url = {http://doi.acm.org/10.1145/2666356.2594334},
 doi = {10.1145/2666356.2594334},
 acmid = {2594334},
 publisher = {ACM},
 address = {New York, NY, USA},
 keywords = {automated testing, compiler testing, equivalent program variants, miscompilation},
}

@ARTICLE{7254235,
author={Z. Q. {Zhou} and S. {Xiang} and T. Y. {Chen}},
journal={IEEE Transactions on Software Engineering},
title={Metamorphic Testing for Software Quality Assessment: A Study of Search Engines},
year={2016},
volume={42},
number={3},
pages={264-284},
keywords={Internet;program testing;program verification;search engines;software quality;user interfaces;metamorphic testing;software quality assessment;user-oriented approach;software verification;software validation;Web search engines;Google;Chinese Bing;Baidu;Search engines;Testing;Web pages;Google;Software algorithms;Software quality;Software quality;verification;validation;quality assessment;oracle problem;lack of system specification;metamorphic testing;user-oriented testing;search engine;Software quality;verification;validation;quality assessment;oracle problem;lack of system specification;metamorphic testing;user-oriented testing;search engine},
doi={10.1109/TSE.2015.2478001},
ISSN={0098-5589},
month={March},}

@article{CKMSTVZ6,
 author = {Chen, Tsong Yueh and Kuo, Fei-Ching and Ma, Wenjuan and Susilo, Willy and Towey, Dave and Voas, Jeffrey and Zhou, Zhi Quan},
 title = {Metamorphic Testing for Cybersecurity},
 journal = {Computer},
 issue_date = {June 2016},
 volume = {49},
 number = {6},
 month = jun,
 year = {2016},
 issn = {0018-9162},
 pages = {48--55},
 numpages = {8},
 url = {https://doi.org/10.1109/MC.2016.176},
 doi = {10.1109/MC.2016.176},
 acmid = {2963876},
 publisher = {IEEE Computer Society Press},
 address = {Los Alamitos, CA, USA},
}

@article{ZS19,
 author = {Zhou, Zhi Quan and Sun, Liqun},
 title = {Metamorphic Testing of Driverless Cars},
 journal = {Commun. ACM},
 issue_date = {March 2019},
 volume = {62},
 number = {3},
 month = feb,
 year = {2019},
 issn = {0001-0782},
 pages = {61--67},
 numpages = {7},
 url = {http://doi.acm.org/10.1145/3241979},
 doi = {10.1145/3241979},
 acmid = {3241979},
 publisher = {ACM},
 address = {New York, NY, USA},
}
@article{ma2005mujava,
  title={{MuJava}: An automated class mutation system},
  author={Ma, Yu-Seung and Offutt, Jeff and Kwon, Yong Rae},
  journal={Software Testing, Verification and Reliability},
  volume={15},
  number={2},
  pages={97--133},
  year={2005},
  publisher={Wiley Online Library}
}
@article{demillo1978hints,
  title={Hints on test data selection: Help for the practicing programmer},
  author={DeMillo, Richard A and Lipton, Richard J and Sayward, Frederick G},
  journal={Computer},
  volume={11},
  number={4},
  pages={34--41},
  year={1978},
}
@article{sun2017path,
  title={A path-aware approach to mutant reduction in mutation testing},
  author={Sun, Chang-Ai and Xue, Feifei and Liu, Huai and Zhang, Xiangyu},
  journal={Information and Software Technology},
  volume={81},
  pages={65--81},
  year={2017},
  publisher={Elsevier}
}
@inproceedings{Just2014,
   author = {Ren{\'e} Just},
   title = {The {M}ajor mutation framework: Efficient and scalable
  mutation analysis for {J}ava},
   booktitle = {Proceedings of the International Symposium on Software
  Testing and Analysis (ISSTA'14)},
   pages = {433--436},
   address = {San Jose, CA, USA},
   month = {July~23--25},
   year = {2014}
}
@inproceedings{bradbury2006mutation,
  title={Mutation operators for concurrent Java (J2SE 5.0)},
  author={Bradbury, Jeremy S and Cordy, James R and Dingel, Juergen},
  booktitle={The 2nd International Workshop on Mutation analysis (Mutation'06), Co-located with 17th International Symposium on Software Reliability Engineering (ISSRE'06)},
  pages={11--11},
  year={2006},
  organization={IEEE}
}

