@incollection{Hamlet02,
title = {Random Testing},
author = {Hamlet, Richard},
publisher = {John Wiley \& Sons, Inc.},
doi = {10.1002/0471028959.sof268},
booktitle = {Encyclopedia of Software Engineering},
year = {2002}
}

@article{Weyuker91,
 author = {Weyuker, Elaine J. and Jeng, Bingchiang},
 title = {Analyzing Partition Testing Strategies},
 journal = {IEEE Transactions on Software Engineering},
 volume = {17},
 number = {7},
 year = {1991},
 pages = {703--711},
}

@article{Hamlet90,
 author = {Hamlet, Dick and Taylor, Ross},
 title = {Partition Testing Does Not Inspire Confidence},
 journal = {IEEE Transactions on Software Engineering},
 volume = {16},
 number = {12},
 year = {1990},
 pages = {1402--1411}
}

@article{Chen96,
 author = {Chen, Tsong Yueh and Yu, Yuen Tak},
 title = {A More General Sufficient Condition for Partition Testing to Be Better Than Random Testing},
 journal = {Information Processing Letters},
 volume = {57},
 number = {3},
 year = {1996},
 pages = {145--149}
}

@article{Gutjahr99,
 author = {Gutjahr, Walter J.},
 title = {Partition Testing vs. Random Testing: The Influence of Uncertainty},
 journal = {IEEE Transactions on Software Engineering},
 volume = {25},
 number = {5},
 year = {1999},
 pages = {661--674}
}

@inproceedings{Cai05,
 author = {Cai, Kai-Yuan and Jing, Tao and Bai, Cheng-Gang},
 title = {Partition Testing with Dynamic Partitioning},
 booktitle = {Proceedings of the 29th Annual International Conference on Computer Software and Applications Conference Workshops (COMPSACW'05)},
 year = {2005},
 pages = {113--116}
}

@article{Cai07,
 author = {Cai, Kai-Yuan and Gu, Bo and Hu, Hai and Li, Yong-Chao},
 title = {Adaptive Software Testing with Fixed-memory Feedback},
 journal = {Journal of Systems and Software},
 volume = {80},
 number = {8},
 year = {2007},
 pages = {1328--1348}
}

@inproceedings{Cai09,
 author = {Cai, Kai-Yuan and Hu, Hai and Ye, F.},
 title = {Random Testing with Dynamically Updated Test Profile},
 booktitle = {Proceedings of the 20th International Symposium on Software Reliability Engineering (ISSRE'09)},
 year = {2009},
 note = {{Fast abstract 198}}
}

@article{Cai02,
author = {Cai, Kai-Yuan},
title = {Optimal software testing and adaptive software testing in the context of software cybernetics},
journal = {Information and Software Technology},
volume = {44},
number = {14},
pages = {841--855},
year = {2002}
}

@inproceedings{Lv11,
author={Lv, J. and Hu, H. and Cai, Kai-Yuan},
booktitle={Proceedings of the IEEE 35th Annual Computer Software and Applications Conference Workshops (COMPSACW'11)},
title={A Sufficient Condition for Parameters Estimation in Dynamic Random Testing},
year={2011},
pages={19--24}
}

@inproceedings{Yang14,
author={Yang, Z. and Yin, B. and Lv, J. and Cai, Kai-Yuan and Yau, S. S. and Yu, J.},
booktitle={Proceedings of the IEEE 38th International Computer Software and Applications Conference Workshops (COMPSACW'14)},
title={Dynamic Random Testing with Parameter Adjustment},
year={2014},
pages={37--42}
}

@inproceedings{Li15,
author={Li, Y. and Yin, B. B. and Lv, J. and Cai, Kai-Yuan},
booktitle={Proceedings of the IEEE 39th Annual Computer Software and Applications Conference (COMPSAC'15)},
title={Approach for Test Profile Optimization in Dynamic Random Testing},
year={2015},
volume={3},
pages={466--471}
}

@article{Do05,
 author = {Do, Hyunsook and Elbaum, Sebastian and Rothermel, Gregg},
 title = {Supporting Controlled Experimentation with Testing Techniques: An Infrastructure and Its Potential Impact},
 journal = {Empirical Software Engineering},
 volume = {10},
 number = {4},
 year = {2005},
 pages = {405--435}
}

@article{Ostrand88,
 author = {Ostrand, T. J. and Balcer, M. J.},
 title = {The Category-partition Method for Specifying and Generating Fuctional Tests},
 journal = {Communications of the ACM},
 volume = {31},
 number = {6},
 year = {1988},
 pages = {676--686}
}

@article{Holm79,
    author = {Holm, S.},
    journal = {Scandinavian Journal of Statistics},
    pages = {65--70},
    title = {{A simple sequentially rejective multiple test procedure}},
    volume = {6},
    year = {1979}
}

@article{Chen01,
 author = {Chen, T. Y. and Tse, T. H. and Yu, Y. T.},
 title = {Proportional Sampling Strategy: A Compendium and Some Insights},
 journal = {Journal of Systems and Software},
 volume = {58},
 number = {1},
 year = {2001},
 pages = {65--81}
}

@article{Lv14,
	author={Lv, J. and Hu, H. and Cai, K.-Y. and Chen, T. Y.},
	journal={IEEE Transactions on Systems, Man, and Cybernetics: Systems},
	title={Adaptive and Random Partition Software Testing},
	year={2014},
	volume={44},
	number={12},
	pages={1649--1664}
}

@inproceedings{Sun12,
	author={Sun, C.-A. and Wang, G. and Cai, K.-Y. and Chen, T. Y.},
	booktitle={Proceedings of the IEEE 36th Annual Computer Software and Applications Conference (COMPSAC'12)},
	title={Towards Dynamic Random Testing for Web Services},
	year={2012},
	pages={164--169}
}

@article{White80,
 author = {White, L. J. and Cohen, E. I.},
 title = {A Domain Strategy for Computer Program Testing},
 journal = {IEEE Transactions on Software Engineering},
 volume = {6},
 number = {3},
 year = {1980},
 pages = {247--257}
}

@article{Ammann88,
 author = {Ammann, Paul E. and Knight, John C.},
 title = {Data Diversity: An Approach to Software Fault Tolerance},
 journal = {IEEE Transactions on Computers},
 volume = {37},
 number = {4},
 year = {1988},
 pages = {418--425}
}

@article{Finelli91,
title = {{NASA} Software failure characterization experiments},
journal = {Reliability Engineering \& System Safety},
volume = {32},
number = {1},
pages = {155--169},
year = {1991},
author = {Finelli, George B.}
}

@inproceedings{Bishop93,
author={Bishop, P. G.},
booktitle={Proceedings of the 23rd International Symposium on Fault-Tolerant Computing (FTCS'91)},
title={The variation of software survival time for different operational input profiles (or why you can wait a long time for a big bug to fail)},
year={1993},
pages={98--107}
}

@article{Koru08,
 author = {Koru, A. G\"{u}ne\c{s} and Emam, Khaled El and Zhang, Dongsong and Liu, Hongfang and Mathew, Divya},
 title = {Theory of Relative Defect Proneness},
 journal = {Empirical Software Engineering},
 volume = {13},
 number = {5},
 year = {2008},
 pages = {473--498}
}

@article{Chen10,
 author = {Chen, Tsong Yueh and Kuo, Fei-Ching and Merkel, Robert G. and Tse, T. H.},
 title = {Adaptive Random Testing: The {ART} of Test Case Diversity},
 journal = {Journal of Systems and Software},
 volume = {83},
 number = {1},
 year = {2010},
 pages = {60--66}
}

@article{Barus16,
	Author = {Barus, Arlinta C. and Chen, Tsong Yueh and Kuo, Fei-Ching and Liu, Huai and Merkel, Robert and Rothermel, Gregg},
	Journal = {IEEE Transactions on Computers},
	Pages = {3508--3529},
	Title = {A cost-effective random testing method for programs with non-numeric inputs},
	Volume = {62},
	Number = {12},
	Year = {2016}
}

@article{Chen09,
	Author = {Chen, Tsong Yueh and Kuo, Fei-Ching and Liu, Huai},
	Journal = {IEEE Transactions on Reliability},
	Number = {1},
	Pages = {179--192},
	Title = {Application of a Failure Driven Test Profile in Random Testing},
	Volume = {58},
	Year = {2009}
}

@article{Liu11,
	Author = {Liu, Huai and Xie, Xiaodong and Yang, Jing and Lu, Yansheng and Chen, Tsong Yueh},
	Journal = {Software: Practice and Experience},
	Number = {10},
	Pages = {1131--1154},
	Title = {Adaptive Random Testing through Test Profiles},
	Volume = {41},
	Year = {2011}
}

@article{Chen07,
author={Chen, T. Y. and Merkel, R.},
journal={IEEE Transactions on Reliability},
title={Quasi-Random Testing},
year={2007},
volume={56},
number={3},
pages={562--568}
}

@article{Liu16,
	Author = {Liu, Huai and Chen, Tsong Yueh},
	Journal = {IEEE Transactions on Computers},
	Pages = {1896--1909},
	Title = {Randomized Quasi-Random Testing},
	Volume = {65},
	Number = {6},
	Year = {2016}
}

@article{Liu12,
	Author = {Liu, Huai and Kuo, Fei-Ching and Chen, Tsong Yueh},
	Journal = {Software: Practice and Experience},
	Number = {8},
	Pages = {1055--1074},
	Title = {Comparison of Adaptive Random Testing and Random Testing under Various Testing and Debugging Scenarios},
	Volume = {42},
	Year = {2012}
}

@inproceedings{Zhou09,
	author={Zhou, Z. Q. and Sinaga, A. and Zhao, L. and Susilo, W. and Cai, K.-Y.},
	booktitle={Proceedings of the 9th International Conference on Quality Software (QSIC'09)},
	title={Improving Software Testing Cost-Effectiveness through Dynamic Partitioning},
	year={2009},
	pages={249--258}
}

@article{ChenTSE94,
author={Chen, T. Y. and Yu, Y. T. },
journal={IEEE Transactions on Software Engineering},
title={On the Relationship Between Partition and Random Testing},
year={1994},
volume={20},
number={12},
pages={977--980}
}

@article{ChenTSE96,
author={Chen, T. Y. and Yu, Y. T.},
journal={IEEE Transactions on Software Engineering},
title={On the Expected Number of Failures Detected by Subdomain Testing and Random Testing},
year={1996},
volume={22},
number={2},
pages={109--119}
}

@article{LvTSE14,
author={Lv, Junpeng and Yin, Bei-Bei, and Cai, Kai-Yuan},
journal={IEEE Transactions on Software Engineering},
title={On the Asymptotic Behavior of Adaptive Testing Strategy for Software Reliability Assessment},
year={2014},
volume={40},
number={4},
pages={396--412}
}
