@article{papazoglou2008service,
  title={Service-oriented computing: a research roadmap},
  author={Papazoglou, Michael P and Traverso, Paolo and Dustdar, Schahram and Leymann, Frank},
  journal={International Journal of Cooperative Information Systems},
  volume={17},
  number={02},
  pages={223--255},
  year={2008},
}
@inproceedings{sun2012towards,
  title={Towards dynamic random testing for web services},
  author={Sun, Chang-Ai and Wang, Guan and Cai, Kai-Yuan and Chen, Tsong Yueh},
  booktitle={Proceedings of the 36th IEEE International Computer Software and Applications Conference (COMPSAC'12)},
  pages={164--169},
  year={2012},
}
@article{sun2011transaction,
  title={Transaction management in service-oriented systems: requirements and a proposal},
  author={Sun, Chang-Ai and el Khoury, Elie and Aiello, Marco},
  journal={IEEE Transactions on Services Computing},
  volume={4},
  number={2},
  pages={167--180},
  year={2011},
}
@inproceedings{bartolini2009whitening,
  title={Whitening SOA testing},
  author={Bartolini, Cesare and Bertolino, Antonia and Elbaum, Sebastian and Marchetti, Eda},
  booktitle={Proceedings of the 7th joint meeting of the European Software Engineering Conference and the ACM SIGSOFT International Symposium on Foundations of Software Engineering},
  pages={161--170},
  year={2009},
}
@article{canfora,
  title={Service-oriented architectures testing: a survey},
  author={Canfora, Gerardo and Penta, Massimiliano Di},
  journal={Lecture Notes in Computer Science},
  volume={5413},
  pages={78-105},
  year={2009},
}
@incollection{Hamlet02,
title = {Random testing},
author = {Hamlet, Richard},
publisher = {John Wiley and Sons, Inc.},
doi = {10.1002/0471028959.sof268},
booktitle = {Encyclopedia of Software Engineering},
year = {2002}
}
@inproceedings{cai2009random,
  title={Random testing with dynamically updated test profile},
  author={Cai, Kai-Yuan and Hu, Hai and Jiang, CH and Ye, F},
  booktitle={Proceedings of the 20th International Symposium On Software Reliability Engineering (ISSRE'09)},
  pages={1--2},
  year={2009}
}
@article{Cai07,
 author = {Cai, Kai-Yuan and Gu, Bo and Hu, Hai and Li, Yong-Chao},
 title = {Adaptive software testing with fixed-memory feedback},
 journal = {Journal of Systems and Software},
 volume = {80},
 number = {8},
 year = {2007},
 pages = {1328--1348}
}
@inproceedings{Lv2011,
  title={A sufficient condition for parameters estimation in dynamic random testing},
  author={Lv, Junpeng and Hu, Hai and Cai, Kai-Yuan},
  booktitle={Proceedings of the 35th IEEE Annual International Computer Software and Applications Conference Workshops (COMPSACW'11)},
  pages={19-24},
  year={2011},
}
@inproceedings{Yang2014Dynamic,
  title={Dynamic random testing with parameter adjustment},
  author={Yang, Zijiang and Yin, Beibei and Lv, Junpeng and Cai, Kai-Yuan and Yau, Stephen S. and Yu, Jia},
  booktitle={Proceedings of the 38th IEEE Annual International Computer Software and Applications Conference Workshops (COMPSACW'14)},
  pages={37-42},
  year={2014},
}
@article{Ammann88,
 author = {Ammann, Paul E. and Knight, John C.},
 title = {Data diversity: an approach to software fault tolerance},
 journal = {IEEE Transactions on Computers},
 volume = {37},
 number = {4},
 year = {1988},
 pages = {418--425}
}
@article{Finelli91,
author = {Finelli, George B.},
title = {{NASA} Software failure characterization experiments},
journal = {Reliability Engineering and System Safety},
volume = {32},
number = {1},
pages = {155--169},
year = {1991}
}
@article{demillo1978hints,
  title={Hints on test data selection: help for the practicing programmer},
  author={DeMillo, Richard A and Lipton, Richard J and Sayward, Frederick G},
  journal={Computer},
  volume={11},
  number={4},
  pages={34--41},
  year={1978},
}
@inproceedings{andrews2005mutation,
  title={Is mutation an appropriate tool for testing experiments?},
  author={Andrews, James H and Briand, Lionel C and Labiche, Yvan},
  booktitle={Proceedings of the 27th International Conference on Software Engineering (ICSE'05)},
  pages={402--411},
  year={2005},
}
@article{weyuker1991analyzing,
  title={Analyzing partition testing strategies},
  author={Weyuker, Elaine J. and Jeng, Bingchiang},
  journal={IEEE Transactions on Software Engineering},
  volume={17},
  number={7},
  pages={703--711},
  year={1991},
}
@inproceedings{cai2005partition,
  title={Partition testing with dynamic partitioning},
  author={Cai, Kai-Yuan and Jing, Tao and Bai, Cheng-Gang},
  booktitle={Proceedings of the 29th International Computer Software and Applications Conference (COMPSAC'05)},
  pages={113--116},
  year={2005},
}
@article{chen1994relationship,
  title={On the relationship between partition and random testing},
  author={Chen, Tsong Yueh and Yu, Yuen-Tak},
  journal={IEEE Transactions on Software Engineering},
  volume={20},
  number={12},
  pages={977--980},
  year={1994},
}
@article{chen1996expected,
  title={On the expected number of failures detected by subdomain testing and random testing},
  author={Chen, Tsong Yueh and Yu, Yuen-Tak},
  journal={IEEE Transactions on Software Engineering},
  volume={22},
  number={2},
  pages={109--119},
  year={1996},
}
@article{gettys1986if,
  title={IF you write documentation, then try a decision table},
  author={Gettys, Deborah},
  journal={IEEE Transactions on Professional Communication},
  number={4},
  pages={61--64},
  year={1986},
}
@article{chen2010adaptive,
  title={Adaptive random testing: the art of test case diversity},
  author={Chen, Tsong Yueh and Kuo, Fei-Ching and Merkel, Robert G and Tse, TH},
  journal={Journal of Systems and Software},
  volume={83},
  number={1},
  pages={60--66},
  year={2010},
}
@article{barus2016cost,
  title={A cost-effective random testing method for programs with non-numeric inputs},
  author={Barus, Arlinta C and Chen, Tsong Yueh and Kuo, Fei-Ching and Liu, Huai and Merkel, Robert and Rothermel, Gregg},
  journal={IEEE Transactions on Computers},
  volume={65},
  number={12},
  pages={3509--3523},
  year={2016},
}
@inproceedings{li2015,
  title={Approach for test profile optimization in dynamic random testing},
  author={Li, Ye and Yin, Bei Bei and Lv, Junpeng and Cai, Kai-Yuan},
  booktitle={Proceedings of the 39th IEEE Annual International Computer Software and Applications Conference (COMPSAC'15)},
  pages={466--471},
  year={2015},
}
@inproceedings{sun2011,
  title={Metamorphic testing for web services: framework and a case study},
  author={Sun, Chang-Ai and Wang, Guan and Mu, Baohong and Liu, Huai and Wang, ZhaoShun and Chen, Tsong Yueh},
  booktitle={Proceedings of the 9th IEEE International Conference on Web Services (ICWS'11)},
  pages={283--290},
  year={2011},
}
@incollection{hanna2009approach,
  title={An approach for WSDL-based automated robustness testing of web services},
  author={Hanna, Samer and Munro, Malcolm},
  booktitle={Information Systems Development},
  pages={1093--1104},
  year={2009},
}
@article{Ostrand88,
 author = {Ostrand, T. J. and Balcer, M. J.},
 title = {The category-partition method for specifying and generating fuctional tests},
 journal = {Communications of the ACM},
 volume = {31},
 number = {6},
 year = {1988},
 pages = {676--686}
}
@inproceedings{dalal1999model,
  title={Model-based testing in practice},
  author={Dalal, Siddhartha R and Jain, Ashish and Karunanithi, Nachimuthu and Leaton, JM and Lott, Christopher M and Patton, Gardner C and Horowitz, Bruce M},
  booktitle={Proceedings of the 21st International Conference on Software Engineering (ICSE'99)},
  pages={285--294},
  year={1999},
}
@inproceedings{sinha2006model,
  title={Model-based functional conformance testing of web services operating on persistent data},
  author={Sinha, Avik and Paradkar, Amit},
  booktitle={Proceedings of the 2006 Workshop on Testing, Analysis, and Verification of Web Services and Applications, Co-located with the ACM/SIGSOFT International Symposium on Software Testing and Analysis (ISSTA'06)},
  pages={17--22},
  year={2006},
}
@inproceedings{dong2006web,
  title={Web service testing method based on fault-coverage},
  author={Dong, Wen Li and Hang, YU},
  booktitle={Proceedings of the Intanational Workshop on Models for Enterprise Computing (IWMEC'06), Co-located with the 10th IEEE International Enterprise Distributed Object Conference (EDOC'06)},
  pages={43--43},
  year={2006},
}
@article{zhu2012collaborative,
  title={Collaborative testing of web services},
  author={Zhu, Hong and Zhang, Yufeng},
  journal={IEEE Transactions on Services Computing},
  volume={5},
  number={1},
  pages={116--130},
  year={2012},
  publisher={IEEE Computer Society}
}
@article{bozkurt2010,
  title={Testing web services: a survey},
  author={Bozkurt, Mustafa and Harman, Mark and Hassoun, Youssef and others},
  journal={Department of Computer Science, King¡¯s College London, Tech. Rep. TR-10-01},
  year={2010}
}
@inproceedings{bertolino2007automatic,
  title={Automatic test data generation for XML schema-based partition testing},
  author={Bertolino, Antonia and Gao, Jinghua and Marchetti, Eda and Polini, Andrea},
  booktitle={Proceedings of the 2nd International Workshop on Automation of Software Test (AST'07), Co-located with the 29th International Conference on Software Engineering (ICSE'07)},
  pages={4},
  year={2007},
  %organization={IEEE Computer Society}
}
@article{chen2009adaptive,
  title={Adaptive random testing based on distribution metrics},
  author={Chen, Tsong Yueh and Kuo, Fei-Ching and Liu, Huai},
  journal={Journal of Systems and Software},
  volume={82},
  number={9},
  pages={1419--1433},
  year={2009},
  publisher={Elsevier}
}
@article{chen2018test,
  title={Test case prioritization for object-oriented software: an adaptive random sequence approach based on clustering},
  author={Chen, Jinfu and Zhu, Lili and Chen, Tsong Yueh and Towey, Dave and Kuo, Fei-Ching and Huang, Rubing and Guo, Yuchi},
  journal={Journal of Systems and Software},
  volume={135},
  pages={107--125},
  year={2018},
  publisher={Elsevier}
}
@article{chen2013code,
  title={Code coverage of adaptive random testing},
  author={Chen, Tsong Yueh and Kuo, Fei-Ching and Liu, Huai and Wong, W Eric},
  journal={IEEE Transactions on Reliability},
  volume={62},
  number={1},
  pages={226--237},
  year={2013},
  publisher={IEEE Computer Society}
}
@article{mao2017out,
  title={Out of sight, out of mind: a distance-aware forgetting strategy for adaptive random testing},
  author={Mao, Chengying and Chen, Tsong Yueh and Kuo, Fei-Ching},
  journal={Science China Information Sciences},
  volume={60},
  number={9},
  pages={092106:1--092106:21},
  year={2017},
  publisher={Springer}
}
@article{chen2017similarity,
  title={A similarity metric for the inputs of OO programs and its application in adaptive random testing},
  author={Chen, Jinfu and Kuo, Fei-Ching and Chen, Tsong Yueh and Towey, Dave and Su, Chenfei and Huang, Rubing},
  journal={IEEE Transactions on Reliability},
  volume={66},
  number={2},
  pages={373--402},
  year={2017},
  publisher={IEEE Computer Society}
}
@article{patel2018mapping,
  title={A mapping study on testing non-testable systems},
  author={Patel, Krishna and Hierons, Robert M},
  journal={Software Quality Journal},
  volume={26},
  number={4},
  pages={1373--1413},
  year={2018},
  publisher={Springer}
}
@article{weyuker1982testing,
  title={On testing non-testable programs},
  author={Weyuker, Elaine J},
  journal={The Computer Journal},
  volume={25},
  number={4},
  pages={465--470},
  year={1982},
  publisher={The British Computer Society}
}
@article{barr2015oracle,
  title={The oracle problem in software testing: a survey},
  author={Barr, Earl T and Harman, Mark and McMinn, Phil and Shahbaz, Muzammil and Yoo, Shin},
  journal={IEEE Transactions on Software Engineering},
  volume={41},
  number={5},
  pages={507--525},
  year={2015},
  publisher={IEEE Computer Society}
}
@inproceedings{arcuri2011practical,
  title={A practical guide for using statistical tests to assess randomized algorithms in software engineering},
  author={Arcuri, Andrea and Briand, Lionel},
  booktitle={Proceedings of the 33rd International Conference on Software Engineering (ICSE'11)},
  pages={1--10},
  year={2011},
  %organization={IEEE Computer Society}
}
@article{li2014two,
  title={Two decades of Web application testing¡ªa survey of recent advances},
  author={Li, Yuan-Fang and Das, Paramjit K and Dowe, David L},
  journal={Information Systems},
  volume={43},
  pages={20--54},
  year={2014},
  publisher={Elsevier}
}
@incollection{felderer2016security,
  title={Security testing: a survey},
  author={Felderer, Michael and B{\"u}chler, Matthias and Johns, Martin and Brucker, Achim D and Breu, Ruth and Pretschner, Alexander},
  booktitle={Advances in Computers},
  volume={101},
  pages={1--51},
  year={2016},
  publisher={Elsevier}
}
@inproceedings{li2009towards,
  title={Towards a practical and effective method for web services test case generation},
  author={Li, Zhong Jie and Zhu, Jun and Zhang, Liang-Jie and Mitsumori, Naomi M},
  booktitle={Proceedings of the 4th International Workshop on Automation of Software Test (AST'09), Co-located with the the 31st International Conference on Software Engineering (ICSE'09)},
  pages={106--114},
  year={2009},
  %organization={IEEE Computer Society}
}
@article{chen2018metamorphic,
  title={Metamorphic testing: a review of challenges and opportunities},
  author={Chen, Tsong Yueh and Kuo, Fei-Ching and Liu, Huai and Poon, Pak-Lok and Towey, Dave and Tse, TH and Zhou, Zhi Quan},
  journal={ACM Computing Surveys},
  volume={51},
  number={1},
  pages={4},
  year={2018},
  publisher={ACM Press}
}
@techreport{chen1998metamorphic,
  title={Metamorphic testing: a new approach for generating next test cases},
  author={Chen, Tsong Yueh and Cheung, Shing C and Yiu, Shiu Ming},
  year={1998},
  institution={Technical Report HKUST-CS98-01, Department of Computer Science, Hong Kong University of Science and Technology, Hong Kong}
}
@article{chen2001proportional,
  title={Proportional sampling strategy: a compendium and some insights},
  author={Chen, Tsong Yueh and Tse, TH and Yu, Yuen-Tak},
  journal={Journal of Systems and Software},
  volume={58},
  number={1},
  pages={65--81},
  year={2001},
  publisher={Elsevier}
}
@inproceedings{zhang2016test,
  title={Test case prioritization using adaptive random sequence with category-partition-based distance},
  author={Zhang, Xiaofang and Xie, Xiaoyuan and Chen, Tsong Yueh},
  booktitle={Proceedings of the 2016 International Conference on Software Quality, Reliability and Security (QRS'16)},
  pages={374--385},
  year={2016},
  %organization={IEEE Computer Society}
}
@article{hu2009improved,
  title={An improved approach to adaptive testing},
  author={Hu, Hai and Jiang, Chang-Hai and Cai, Kai-Yuan},
  journal={International Journal of Software Engineering and Knowledge Engineering},
  volume={19},
  number={05},
  pages={679--705},
  year={2009},
  publisher={World Scientific}
}
@article{duran1984evaluation,
  title={An evaluation of random testing},
  author={Duran, Joe W and Ntafos, Simeon C},
  journal={IEEE transactions on Software Engineering},
  number={4},
  pages={438--444},
  year={1984},
  publisher={IEEE Computer Society}
}
@article{chen1997optimal,
  title={Optimal improvement of the lower bound performance of partition testing strategies},
  author={Chen, Tsong Yueh and Yu, Yuen-Tak},
  journal={IEE Proceedings-Software Engineering},
  volume={144},
  number={5},
  pages={271--278},
  year={1997},
  publisher={IET}
}
@article{sun2018adaptive,
  title={Adaptive partition testing},
  author={Sun, Chang-Ai and Dai, Hepeng and Liu, Huai and Chen, Tsong Yueh and Cai, Kai-Yuan},
  journal={IEEE Transactions on Computers},
  volume={68},
  number={2},
  pages={157--169},
  year={2019}
 % publisher={IEEE Computer Society}
}
@inproceedings{zhang2014history,
  title={A history-based dynamic random software testing},
  author={Zhang, Lei and Yin, Bei-Bei and Lv, Junpeng and Cai, Kai-Yuan and Yau, Stephen S and Yu, Jia},
  booktitle={Proceedings of the 38th International Computer Software and Applications Conference Workshops (COMPSACW'14)},
  pages={31--36},
  year={2014},
  %organization={IEEE Computer Society}
}
@article{xiang2015executable,
  title={The executable invocation policy of web services composition with Petri Net},
  author={Xiang, Dongming and Xie, Nengfu and Ma, Bingxian and Xu, Kai},
  journal={Data Science Journal},
  volume={14},
  year={2015},
  publisher={Ubiquity Press}
}
@inproceedings{sun2018constraint,
  title={Constraint-Based Model-Driven Testing of Web Services for Behavior Conformance},
  author={Sun, Chang-Ai and Li, Meng and Jia, Jingting and Han, Jun},
  booktitle={Proceedings of the 16th International Conference on Service Oriented Computing (ICSOC'18)},
  pages={543--559},
  year={2018},
  %organization={Springer}
}
@article{sunreview,
  title={An Empirical Study on Iterative Metamorphic Testing for Web services},
  author={Sun, Chang-Ai and Wang, Zuoyi and Wen, Qin and Wu, Peng and Chen, Tsong Yueh},
  journal={International Journal on Software Tools for Technology Transfer, under review}
}
@incollection{chan2002restricted,
  title={Restricted random testing},
  author={Chan, Kwok Ping and Chen, Tsong Yueh and Towey, Dave},
  booktitle={Proceedings of the 7th European Conference on Software Quality (ECSQ'02)},
  pages={321--330},
  year={2002},
  publisher={Springer}
}
@inproceedings{chan2006forgetting,
  title={Forgetting test cases},
  author={Chan, Kwok Ping and Chen, Tsong Yueh and Towey, Dave},
  booktitle={Proceedings of the 30th International Computer Software and Applications Conference (COMPSAC'06)},
  pages={485--494},
  year={2006},
  %organization={IEEE}
}
@inproceedings{hu2005case,
  title={A case study of the recursive least squares estimation approach to adaptive testing for software components},
  author={Hu, Hai and Wong, W Eric and Jiang, Chang-Hai and Cai, Kai-Yuan},
  booktitle={Proceedings of the 5th International Conference on Quality Software (QSIC'05)},
  pages={135--141},
  year={2005},
  %organization={IEEE}
}
@inproceedings{paradkar2007,
  title={Automated functional conformance test generation for semantic web services},
  author={Paradkar, Amit M and Sinha, Avik and Williams, Clay and Johnson, Robert D and Outterson, Susan and Shriver, Charles and Liang, Carol},
  booktitle={Proceedings of the International Conference on Web Services (ICWS'07)},
  pages={110--117},
  year={2007},
  %organization={IEEE}
}
@article{qiu2015regression,
  title={Regression testing of web service: a systematic mapping study},
  author={Qiu, Dong and Li, Bixin and Ji, Shunhui and Leung, Hareton},
  journal={ACM Computing Surveys},
  volume={47},
  number={2},
  pages={1--21},
  year={2015},
  publisher={ACM}
}
@inproceedings{chen2004adaptive,
  title={Adaptive random testing},
  author={Chen, Tsong Yueh and Leung, Hing and Mak, IK},
  booktitle={Proceedings of the 9th Annual Asian Computing Science Conference (ASIAN'04)},
  pages={320--329},
  year={2004},
  organization={Springer}
}
@article{chan2006restricted,
  title={Restricted random testing: Adaptive random testing by exclusion},
  author={Chan, Kwok Ping and Chen, Tsong Yueh and Towey, Dave},
  journal={International Journal of Software Engineering and Knowledge Engineering},
  volume={16},
  number={04},
  pages={553--584},
  year={2006},
  publisher={World Scientific}
}
