%oracle problems

@article{weyuker1982testing,
  title={On testing non-testable programs},
  author={Weyuker, Elaine J},
  journal={The Computer Journal},
  volume={25},
  number={4},
  pages={465--470},
  year={1982},
  publisher={The British Computer Society}
}

@article{barr2015oracle,
  title={The oracle problem in software testing: A survey},
  author={Barr, Earl T and Harman, Mark and McMinn, Phil and Shahbaz, Muzammil and Yoo, Shin},
  journal={IEEE transactions on software engineering},
  volume={41},
  number={5},
  pages={507--525},
  year={2015},
  publisher={IEEE}
}

@article{patel2018mapping,
  title={A mapping study on testing non-testable systems},
  author={Patel, Krishna and Hierons, Robert M},
  journal={Software Quality Journal},
  volume={26},
  number={4},
  pages={1373--1413},
  year={2018},
  publisher={Springer}
}

@techreport{chen1998metamorphic,
  title={Metamorphic testing: a new approach for generating next test cases},
  author={Chen, Tsong Y and Cheung, Shing C and Yiu, Shiu Ming},
  year={1998},
  institution={Department of Computer Science , Hong Kong University of Science and Technology, Hong Kong, Tech. Rep. HKUST-CS98-01}
}

@inproceedings{chen2004case,
  title={Case studies on the selection of useful relations in metamorphic testing},
  author={Chen, Tsong Yueh and Huang, DH and Tse, TH and Zhou, Zhi Quan},
  booktitle={Proceedings of the 4th lberoAmerican Symposium on Software Engineering and Knowledge Engineer-ing (JIISIC'04)},
  pages={569--583},
  year={2004},
}
@inproceedings{cao2013correlation,
  title={On the correlation between the effectiveness of metamorphic relations and dissimilarities of test case executions},
  author={Cao, Yuxiang and Zhou, Zhi Quan and Chen, Tsong Yueh},
  booktitle={Proceedings of the 13th International Conference on Quality Software (QSIC'13)},
  pages={153--162},
  year={2013},
}
@inproceedings{chen2004metamorphic,
  title={Metamorphic Testing and Testing with Special Values.},
  author={Chen, Tsong Yueh and Kuo, Fei-Ching and Liu, Ying and Tang, Antony},
  booktitle={Proceedings of the 5th ACIS International Conference on Software Engineering, Artificial Intelligence, Networking and Parallel/Distributed Computing (SNPD'04)},
  pages={128--134},
  year={2004}
}
@inproceedings{sun2011metamorphic,
  title={Metamorphic testing for web services: Framework and a case study},
  author={Sun, Chang-ai and Wang, Guan and Mu, Baohong and Liu, Huai and Wang, ZhaoShun and Chen, Tsong Yueh},
  booktitle={Proceedings of the 9th IEEE International Conference on Web Services (ICWS'11)},
  pages={283--290},
  year={2011},
}
@article{chen2014metric,
  title={METRIC: METamorphic Relation Identification based on the Category-choice framework},
  author={Chen, T and Poon, P and Xie, X},
  journal={Journal of Systems and Software},
  volume={116},
  pages={190--14},
  year={2014},
  publisher={Elsevier}
}
@inproceedings{xie2016looking,
  title={Looking for an MR? Try METWiki today},
  author={Xie, Xiaoyuan and Li, Jiahao and Wang, Chen and Chen, Tsong Yueh},
  booktitle={Proceedings of the 1st International Workshop on Metamorphic Testing (MET'16), Co-located with the 38th International Conference on Software Engineering (ICSE'16)},
  pages={1--4},
  year={2016},
}
@article{segura2016survey,
  title={A survey on metamorphic testing},
  author={Segura, Sergio and Fraser, Gordon and Sanchez, Ana B and Ruiz-Cort{\'e}s, Antonio},
  journal={IEEE Transactions on software engineering},
  volume={42},
  number={9},
  pages={805--824},
  year={2016},
  publisher={IEEE}
}
@article{cai2002optimal,
  title={Optimal software testing and adaptive software testing in the context of software cybernetics},
  author={Cai, Kai-Yuan},
  journal={Information and Software Technology},
  volume={44},
  number={14},
  pages={841--855},
  year={2002},
  publisher={Elsevier}
}
@article{chen2018metamorphic,
  title={Metamorphic testing: A review of challenges and opportunities},
  author={Chen, Tsong Yueh and Kuo, Fei-Ching and Liu, Huai and Poon, Pak-Lok and Towey, Dave and Tse, TH and Zhou, Zhi Quan},
  journal={ACM Computing Surveys},
  volume={51},
  number={1},
  pages={4},
  year={2018},
  publisher={ACM}
}
@inproceedings{brilliant1990performance,
  title={On the performance of software testing using multiple versions},
  author={Brilliant, Susan S and Knight, John C and Ammann, PE},
  booktitle={Proceedings of the 20th International Symposium on Fault-Tolerant Computing (FTCS'90)},
  pages={408--415},
  year={1990},
  organization={IEEE}
}
@article{sim2014eliminating,
  title={Eliminating human visual judgment from testing of financial charting software},
  author={Sim, Kwan Yong and Low, Chin S and Kuo, Fei-Ching},
  journal={Journal of Software},
  volume={9},
  number={2},
  pages={298--312},
  year={2014},
}
@article{chan2009pat,
  title={PAT: A pattern classification approach to automatic reference oracles for the testing of mesh simplification programs},
  author={Chan, Wing Kwong and Cheung, Shing-Chi and Ho, Jeffrey CF and Tse, TH},
  journal={Journal of Systems and Software},
  volume={82},
  number={3},
  pages={422--434},
  year={2009},
  publisher={Elsevier}
}
@article{demillo1978hints,
  title={Hints on test data selection: help for the practicing programmer},
  author={DeMillo, Richard A and Lipton, Richard J and Sayward, Frederick G},
  journal={Computer},
  volume={11},
  number={4},
  pages={34--41},
  year={1978},
}
@article{chen2018test,
  title={Test case prioritization for object-oriented software: an adaptive random sequence approach based on clustering},
  author={Chen, Jinfu and Zhu, Lili and Chen, Tsong Yueh and Towey, Dave and Kuo, Fei-Ching and Huang, Rubing and Guo, Yuchi},
  journal={Journal of Systems and Software},
  volume={135},
  pages={107--125},
  year={2018},
  publisher={Elsevier}
}
@article{mao2017out,
  title={Out of sight, out of mind: a distance-aware forgetting strategy for adaptive random testing},
  author={Mao, Chengying and Chen, Tsong Yueh and Kuo, Fei-Ching},
  journal={Science China Information Sciences},
  volume={60},
  number={9},
  pages={092106:1--092106:21},
  year={2017},
  publisher={Springer}
}
@article{chen2017similarity,
  title={A similarity metric for the inputs of OO programs and its application in adaptive random testing},
  author={Chen, Jinfu and Kuo, Fei-Ching and Chen, Tsong Yueh and Towey, Dave and Su, Chenfei and Huang, Rubing},
  journal={IEEE Transactions on Reliability},
  volume={66},
  number={2},
  pages={373--402},
  year={2017},
  publisher={IEEE Computer Society}
}
@inproceedings{chen2004case,
  title={Case studies on the selection of useful relations in metamorphic testing},
  author={Chen, Tsong Yueh and Huang, DH and Tse, TH and Zhou, Zhi Quan},
  booktitle={Proceedings of the 4th Ibero-American Symposium on Software Engineering and Knowledge Engineering (JIISIC'04)},
  pages={569--583},
  year={2004},
}
@inproceedings{cao2013correlation,
  title={On the correlation between the effectiveness of metamorphic relations and dissimilarities of test case executions},
  author={Cao, Yuxiang and Zhou, Zhi Quan and Chen, Tsong Yueh},
  booktitle={Proceedings of the 13th International Conference on Quality Software (QSIC'13)},
  pages={153--162},
  year={2013},
}
@article{liu2014effectively,
  title={How effectively does metamorphic testing alleviate the oracle problem?},
  author={Liu, Huai and Kuo, Fei-Ching and Towey, Dave and Chen, Tsong Yueh},
  journal={IEEE Transactions on Software Engineering},
  volume={40},
  number={1},
  pages={4--22},
  year={2014},
  publisher={IEEE}
}
@article{cai2002optimal,
  title={Optimal software testing and adaptive software testing in the context of software cybernetics},
  author={Cai, Kai-Yuan},
  journal={Information and Software Technology},
  volume={44},
  number={14},
  pages={841--855},
  year={2002},
  publisher={Elsevier}
}
@article{Cai07,
 author = {Cai, Kai-Yuan and Gu, Bo and Hu, Hai and Li, Yong-Chao},
 title = {Adaptive software testing with fixed-memory feedback},
 journal = {Journal of Systems and Software},
 volume = {80},
 number = {8},
 year = {2007},
 pages = {1328--1348}
}
@inproceedings{hu2005case,
  title={A case study of the recursive least squares estimation approach to adaptive testing for software components},
  author={Hu, Hai and Wong, W Eric and Jiang, Chang-Hai and Cai, Kai-Yuan},
  booktitle={Proceedings of the 5th International Conference on Quality Software (QSIC'05)},
  pages={135--141},
  year={2005},
  %organization={IEEE}
}
@article{hu2009improved,
  title={An improved approach to adaptive testing},
  author={Hu, Hai and Jiang, Chang-Hai and Cai, Kai-Yuan},
  journal={International Journal of Software Engineering and Knowledge Engineering},
  volume={19},
  number={05},
  pages={679--705},
  year={2009},
  publisher={World Scientific}
}
@inproceedings{cai2009random,
  title={Random testing with dynamically updated test profile},
  author={Cai, KY and Hu, Hai and Jiang, Chang-hai and Ye, F},
  booktitle={Proceedings of the 20th International Symposium On Software Reliability Engineering (ISSRE'09)},
  pages={1--2},
  year={2009}
}
@article{weyuker1991analyzing,
  title={Analyzing partition testing strategies},
  author={Weyuker, Elaine J. and Jeng, Bingchiang},
  journal={IEEE Transactions on Software Engineering},
  volume={17},
  number={7},
  pages={703--711},
  year={1991},
}
@inproceedings{cai2005partition,
  title={Partition testing with dynamic partitioning},
  author={Cai, Kai-Yuan and Jing, Tao and Bai, Cheng-Gang},
  booktitle={Proceedings of the 29th International Computer Software and Applications Conference (COMPSAC'05)},
  pages={113--116},
  year={2005},
}
@article{chen1994relationship,
  title={On the relationship between partition and random testing},
  author={Chen, Tsong Yueh and Yu, Yuen-Tak},
  journal={IEEE Transactions on Software Engineering},
  volume={20},
  number={12},
  pages={977--980},
  year={1994},
}
@article{chen1996expected,
  title={On the expected number of failures detected by subdomain testing and random testing},
  author={Chen, Tsong Yueh and Yu, Yuen-Tak},
  journal={IEEE Transactions on Software Engineering},
  volume={22},
  number={2},
  pages={109--119},
  year={1996},
}
@article{ammann1988data,
  title={Data diversity: An approach to software fault tolerance},
  author={Ammann, Paul Eric and Knight, John C},
  journal={IEEE Transactions on COMPUTERS},
  number={4},
  pages={418--425},
  year={1988},
  publisher={IEEE}
}
@article{finelli1991nasa,
  title={NASA software failure characterization experiments},
  author={Finelli, George B},
  journal={Reliability Engineering \& System Safety},
  volume={32},
  number={1-2},
  pages={155--169},
  year={1991},
  publisher={Elsevier}
}
@inproceedings{cai2009random,
  title={Random testing with dynamically updated test profile},
  author={Cai, KY and Hu, Hai and Jiang, Chang-hai and Ye, F},
  booktitle={Proceedings of the 20th International Symposium On Software Reliability Engineering (ISSRE'09)},
  pages={1--2},
  year={2009}
}
